% This file was created with JabRef 2.3.1.
% Encoding: UTF-8

@MISC{wsi-basic-profile-1-1,
  author = {{Web Services Interoperability Organization (WS-I)}},
  title = {Basic Profile Version 1.1},
  note = {\url{http://www.ws-i.org/Profiles/BasicProfile-1.1.html}}
}

@misc{shibboleth,
  title = {Shibboleth - an {Internet2} middleware project},
  note = {\url{http://shibboleth.internet2.edu}}
}