
@Misc{corona,
	author = {{University of Sydney}},
	title  ={Corona},
	note = {\url{http://www.it.usyd.edu.au/~wsn/corona/}}
}
